<?xml version="1.0" encoding="UTF-8"?><collection xmlns="http://www.loc.gov/MARC21/slim"><record><leader>00408nam--2200133-i-4500</leader><controlfield tag="001">000008023</controlfield><controlfield tag="002">20161230</controlfield><controlfield tag="005">20161230201027</controlfield><controlfield tag="008">060222s1000------------r-----000-0-eng-d</controlfield><datafield ind1=" " ind2=" " tag="080"><subfield code="a">016</subfield></datafield><datafield ind1=" " ind2=" " tag="245"><subfield code="a">List of unclassified publications and awre rep orts by staff of the weapons group. 1966. comp iled by r.s. every</subfield></datafield><datafield ind1=" " ind2=" " tag="260"><subfield code="a">Aldermaston, U.K.A.E.A., 1967</subfield></datafield><datafield ind1=" " ind2=" " tag="490"><subfield code="a">Awre Library Bibliography</subfield></datafield><datafield ind1=" " ind2=" " tag="852"><subfield code="a">D1234</subfield></datafield></record></collection>